<record><leader>00000cas a22000007a 4500</leader><controlfield tag="001">11885357</controlfield><controlfield tag="008">850404d19701972nhuwr ne      0    0eng d</controlfield><datafield ind1=" " ind2=" " tag="010"><subfield code="a">sn 90062299 </subfield></datafield><datafield ind1=" " ind2=" " tag="040"><subfield code="a">HSA</subfield><subfield code="b">eng</subfield><subfield code="c">HSA</subfield><subfield code="d">NVH</subfield><subfield code="d">OCLCQ</subfield></datafield><datafield ind1=" " ind2=" " tag="042"><subfield code="a">msc</subfield></datafield><datafield ind1="0" ind2=" " tag="130"><subfield code="a">Manchester American (Manchester, N.H. : 1970)</subfield></datafield><datafield ind1="1" ind2="4" tag="245"><subfield code="a">The Manchester American.</subfield></datafield><datafield ind1=" " ind2=" " tag="260"><subfield code="a">Manchester, NH :</subfield><subfield code="b">Manchester American Co.</subfield></datafield><datafield ind1=" " ind2=" " tag="300"><subfield code="a">v.</subfield></datafield><datafield ind1=" " ind2=" " tag="310"><subfield code="a">Weekly</subfield></datafield><datafield ind1="0" ind2=" " tag="362"><subfield code="a">Vol. 1, no. 1 (Sept. 30, 1970)-v. 3, no. 3 (Jan. 29, 1972).</subfield></datafield><datafield ind1=" " ind2=" " tag="752"><subfield code="a">United States</subfield><subfield code="b">New Hampshire</subfield><subfield code="c">Hillsborough</subfield><subfield code="d">Manchester.</subfield></datafield></record>